@misc{doubleD,
	title        = {The Double Diamond: A universally accepted depiction of the design process},
	author       = {White, Anna and Vanstone, Chris and Wildman, Gill and Winhall, Jennie and  Ball,Jonathan and  Eisermann,Richard },
	year         = 2003,
	note         = {Accessed: (11 November 2024)},
	howpublished = {\url{https://www.designcouncil.org.uk/our-resources/archive/articles/double-diamond-universally-accepted-depiction-design-process/}}
}
@misc{sharp2023interaction,
	title={Interaction design: beyond human-computer interaction},
	author={Sharp, Helen and Rogers, Yvonne and Preece, Jenny},
	year={2023},
	publisher={John Wiley \& Sons, Inc.}
}
@misc{figma,
	title = {Figma: The Collaborative Interface Design Tool},
	year  = {2024},
	howpublished   = {\url{https://www.figma.com/}}
}
@misc{ueq,
	title = {A Modular Extension of the User Experience Questionnaire},
	author={Schrepp, Martin and Thomaschewski,JÃ¶rg},
	note         = {Accessed: (6 December 2024)}
	howpublished   = {\url{https://ueqplus.ueq-research.org/}}
}
